<record><leader>00000cas a22000007a 4500</leader><controlfield tag="001">16720192</controlfield><controlfield tag="008">870919d18801900iauwr ne      0    0eng d</controlfield><datafield ind1=" " ind2=" " tag="010"><subfield code="a">sn 87057787 </subfield></datafield><datafield ind1=" " ind2=" " tag="040"><subfield code="a">INP</subfield><subfield code="b">eng</subfield><subfield code="c">INP</subfield><subfield code="d">OCLCQ</subfield></datafield><datafield ind1=" " ind2=" " tag="042"><subfield code="a">msc</subfield></datafield><datafield ind1="0" ind2=" " tag="130"><subfield code="a">Avoca herald (Avoca, Iowa)</subfield></datafield><datafield ind1="1" ind2="4" tag="245"><subfield code="a">The Avoca herald.</subfield></datafield><datafield ind1=" " ind2=" " tag="260"><subfield code="a">Avoca, Iowa :</subfield><subfield code="b">A.P. Cramer</subfield></datafield><datafield ind1=" " ind2=" " tag="300"><subfield code="a">v.</subfield></datafield><datafield ind1=" " ind2=" " tag="310"><subfield code="a">Weekly</subfield></datafield><datafield ind1=" " ind2=" " tag="588"><subfield code="a">Description based on: Vol. 1, no. 3 (Sept. 1, 1880).</subfield></datafield><datafield ind1=" " ind2=" " tag="752"><subfield code="a">United States</subfield><subfield code="b">Iowa</subfield><subfield code="c">Pottawattamie</subfield><subfield code="d">Avoca.</subfield></datafield><datafield ind1="0" ind2="5" tag="780"><subfield code="t">Avoca record</subfield><subfield code="w">(DLC)sn 91056016</subfield></datafield><datafield ind1="0" ind2="7" tag="785"><subfield code="t">Avoca journal</subfield><subfield code="w">(DLC)sn 91056014</subfield></datafield><datafield ind1="0" ind2="7" tag="785"><subfield code="t">Journal-herald (Avoca, Iowa)</subfield><subfield code="w">(DLC)sn 87057634</subfield></datafield></record>